@misc{xlaunchcsdn,
    author={Yihua Liu},
    title={VcXsrv XLaunch failed to bind listener},
    date={2022-10-18},
    url={https://blog.csdn.net/yihuajack/article/details/127378884}
}

@misc{sshconfigman,
    author={Tatu Ylonen and Aaron Campbell and Bob Beck and Markus Friedl and Niels Provos and Theo de Raadt and Dug Song and Markus Friedl and BSD},
    title={ssh\_config(5) - Linux man page},
    date={2013-04-14},
    url={https://linux.die.net/man/5/ssh_config}
}

@misc{sshman,
    author={Tatu Ylonen and Aaron Campbell and Bob Beck and Markus Friedl and Niels Provos and Theo de Raadt and Dug Song and Markus Friedl and BSD},
    title={ssh(1) - Linux man page},
    date={2013-04-14},
    url={https://linux.die.net/man/1/ssh}
}

@misc{pwshx11,
    author={Microsoft},
    title={Support X11 Forwarding},
    date={2019-12-07},
    url={https://github.com/PowerShell/Win32-OpenSSH/issues/1515}
}

@misc{mslearnssh,
    author={Microsoft},
    title={Get started with OpenSSH for Windows},
    date={2022-06-08},
    url={https://learn.microsoft.com/en-us/windows-server/administration/openssh/openssh_install_firstuse}
}

@misc{cs252x11,
    author={Steven Zeil},
    title={Troubleshooting X},
    date={2018-08-02},
    url={https://www.cs.odu.edu/~zeil/cs252/latest/Public/xtrouble/index.html}
}

@misc{uppmax,
    author={Pavlin},
    title={Troubleshoot your MobaXterm X11 connection to UPPMAX},
    year={2022},
    month={8},
    url={https://hackmd.io/@pmitev/UPPMAX-MobaXterm-X11}
}

@misc{mobaxtermdoc,
    author={Mobatek},
    title={MobaXterm documentation},
    year={2022},
    url={https://mobaxterm.mobatek.net/documentation.html}
}

@misc{xwindoc,
    author={Stuart Adamson and Michael Bax and Jehan Bing and Lev Bishop and Dr. Peter Busch and Biju G C and Robert Collins and Nick Crabtree and Early Ehlinger and Christopher Faylor and John Fortin and Brian Genisio and Fabrizio Gennari and Alexander Gottwald and Ralf Habacker and Colin Harrison and Matthieu Herrb and Alan Hourihane and Pierre A Humblet and Harold L Hunt II and Dakshinamurthy Karra and Joe Krahn and Paul Loewenstein and Kensuke Matsuzaki and Takuma Murakami and Earle F. Philhower III and Benjamin Riefenstahl and Yaakov Selkowitz and Suhaib Siddiqi and Jack Tanner and Jon Turney and Nicholas Wourms},
    title={XWIN},
    date={2021-12-12},
    url={https://x.cygwin.com/docs/man1/XWin.1.html}
}

@misc{lcctype,
    author={Spuratic and einpoklum},
    title={Getting "Warning: Missing charsets in String to FontSet conversion"},
    date={2020-10-21},
    url={https://superuser.com/questions/1531413/getting-warning-missing-charsets-in-string-to-fontset-conversion}
}

@misc{volare,
    author={Yihua Liu and Mohamed Gaber},
    title={volare enable remotedisconnected},
    date={2022-10-23},
    url={https://github.com/efabless/volare/issues/26}
}

@misc{wslgui,
    author={Microsoft Corporation},
    title={Run Linux GUI apps on the Windows Subsystem for Linux},
    date={2022-08-13},
    url={https://learn.microsoft.com/en-us/windows/wsl/tutorials/gui-apps}
}

@misc{cs250lab1,
    author={Arya Reais-Parsi},
    title={Lab 1 - Intro to OpenLane and Skywater 130},
    year={2018},
    url={https://inst.eecs.berkeley.edu/~cs250/fa20/labs/lab1/}
}
