@misc{iccerror,
    author={Simon0827},
    title={Problem of ICC's create\_mw\_lib},
    date={2013-01-24},
    url={https://bbs.eetop.cn/thread-374092-1-1.html}
}

@misc{lcerror,
    author={soniqec and puxiancheng},
    title={pt\_shell Startup Error: Library Compiler executable path is not set},
    date={2021-07-04},
    url={https://bbs.eetop.cn/thread-906741-1-1.html}
}
