@techreport{riscv-unpriv,
  author={Andrew Waterman and Krste AsanoviÄ‡},
  title={The {RISC-V} Instruction Set Manual},
  subtitle={Unprivileged ISA},
  version={20191213},
  vol={1},
  year={2019},
  month={12},
  day={13},
  institution={RISC-V International}
}

@misc{porb,
    author={Sam Bobrowicz},
    title={Arty Z7-20 Petalinux BSP Project Quick-Start Guide},
    subtitle={Run the pre-built image from SD},
    date={2017-10-11},
    url={https://github.com/sbobrowicz/Petalinux-Arty-Z7-20#run-the-pre-built-image-from-sd}
}

@misc{pynqhttp,
    author={demi},
    title={PYNQ classic project sharing - Hello World},
    date={2019-12-02},
    url={http://xilinx.eetrend.com/content/2019/100046325.html}
}

@misc{porbvssrst,
    author={jpeyron},
    title={Arty Z7 Zynq setup step-by-step},
    date={2017-09-06},
    url={https://forum.digilent.com/topic/4760-arty-z7-zynq-setup-step-by-step/}
}

@misc{srst,
    author={Digilent},
    title={Arty Z7 Reference Manual},
    year={2022},
    url={https://digilent.com/reference/programmable-logic/arty-z7/reference-manual}
}

@misc{ug585,
    author={Xilinx},
    title={UG585 Zynq-7000 SoC Technical Reference Manual},
    date={2021-04-02},
    version={v1.13},
    url={https://docs.xilinx.com/v/u/en-US/ug585-Zynq-7000-TRM}
}

