@misc{make,
    author={Yihua Liu},
    title={Vitis HLS 2021.1 Command Prompt make not an internal or external command},
    date={2021-10-31},
    url={https://blog.csdn.net/yihuajack/article/details/121047540}
}

@misc{exportrtl,
    author={Xilinx},
    title={Vitis High-Level Synthesis User Guide (UG1399)},
    chapter={Exporting the RTL Design},
    date={2022-06-07},
    version={v2022.1}
}

@misc{tclstack,
    author={amritkumar2306 and Tricky and dpaul24 and joancab},
    title={synthesis is taking forever},
    date={2021-03-18},
    url={https://support.xilinx.com/s/question/0D52E00006hpQZqSAM/synthesis-is-taking-forever?language=en_US}
}

@misc{enwiki:1113261571,
    author = "{Wikipedia contributors}",
    title = "Discrete cosine transform --- {Wikipedia}{,} The Free Encyclopedia",
    year = "2022",
    howpublished = "\url{https://en.wikipedia.org/w/index.php?title=Discrete_cosine_transform&oldid=1113261571}",
    note = "[Online; accessed 4-October-2022]"
}

@misc{488,
    author={Siheng Chen},
    title={ECE4880J: Computer Vision Homework 3: Image Processing},
    date={2022-06-01},
    organization={University of Michigan - Shanghai Jiao Tong University Joint Institute}
}

@misc{dctdoc,
    author={MathWorks},
    title={Discrete Cosine Transform},
    year={2022},
    version={R2022b},
    url={https://www.mathworks.com/help/images/discrete-cosine-transform.html}
}

@misc{fdctmdoc,
    author={Wolfram},
    title={FourierDCTMatrix},
    year={2022},
    version={13.1},
    url={https://reference.wolfram.com/language/ref/FourierDCTMatrix.html.en}
}

@misc{ryg,
    author={Fabian “ryg” Giesen},
    title={Bink 2.2 integer DCT design, part 1},
    date={2013-11-04},
    url={https://fgiesen.wordpress.com/2013/11/04/bink-2-2-integer-dct-design-part-1/},
    institution={RAD Game Tools},
    location={Kirkland, King County, Washington, USA}
}

@misc{yuvsvg,
    author={Tonyle},
    title={Example of U-V color plane, Y' value = 0.5, represented within RGB color gamut},
    date={2009-06-08},
    url={https://upload.wikimedia.org/wikipedia/commons/f/f9/YUV_UV_plane.svg}
}

@misc{enwiki:1114229318,
    author = "{Wikipedia contributors}",
    title = "YUV --- {Wikipedia}{,} The Free Encyclopedia",
    year = "2022",
    howpublished = "\url{https://en.wikipedia.org/w/index.php?title=YUV&oldid=1114229318}",
    note = "[Online; accessed 6-October-2022]"
}

@misc{directdraw,
    author={Microsoft Corporation},
    title={Converting Between YUV and RGB},
    date={2004-04-08},
    url={https://learn.microsoft.com/en-us/previous-versions/windows/embedded/ms893078(v=msdn.10)}
}

@book{yuvjack,
    author={Keith Jack},
    title={Video Demystified},
    publisher={HighText Publications},
    year={2013},
    isbn={1-878707-09-4}
}

@misc{lenaimg,
    author={Lena Forsén},
    title={The Lenna Story},
    year={1972},
    url={http://www.lenna.org/lena_std.tif}
}

@INPROCEEDINGS{5227881,
  author={Kassem, A. and Hamad, M. and Haidamous, E.},
  booktitle={2009 International Conference on Advances in Computational Tools for Engineering Applications}, 
  title={Image compression on FPGA using DCT}, 
  year={2009},
  volume={},
  number={},
  pages={320-323},
  doi={10.1109/ACTEA.2009.5227881}
}

@misc{l11,
    author={Antonio D'Angelo},
    title={Lecture 11: Discrete Cosine Transform},
    organization={Department of Mathematics and Computer Science, University of Udine},
    year={2013},
    url={http://users.dimi.uniud.it/~antonio.dangelo/MMS/2013/lessons/L11lecture.pdf}
}

@misc{ enwiki:1113230705,
    author = "{Wikipedia contributors}",
    title = "JPEG --- {Wikipedia}{,} The Free Encyclopedia",
    year = "2022",
    howpublished = "\url{https://en.wikipedia.org/w/index.php?title=JPEG&oldid=1113230705}",
    note = "[Online; accessed 8-October-2022]"
}

@misc{ wiki:jpegenc,
   author = "Wikibooks",
   title = "JPEG - Idea and Practice/The compression and encoding --- Wikibooks{,} The Free Textbook Project",
   year = "2018",
   url = "\url{https://en.wikibooks.org/w/index.php?title=JPEG_-_Idea_and_Practice/The_compression_and_encoding&oldid=3424423}",
   note = "[Online; accessed 8-October-2022]"
}

@misc{butterfly,
    author={Tri Dao and Albert Gu and Matthew Eichhorn and Megan Leszczynski and Nimit Sohoni and Amit Blonder and Atri Rudra and Chris Ré},
    title={Butterflies Are All You Need: A Universal Building Block for Structured Linear Maps},
    date={2019-06-13},
    url={https://dawn.cs.stanford.edu/2019/06/13/butterfly/}
}

@misc{compression,
    author={James Harold Davenport},
    title={CM30142 Chapter 4. Video and Audio Compression},
    year={2011},
    organization={Department of Computer Science, University of Bath},
    url={http://www.cs.bath.ac.uk/jpff/CM30142/compression.pdf}
}

@misc{butterflypic,
    author={Steven G. Johnson},
    title={Butterfly-FFT},
    date={2005-09-19},
    url={https://upload.wikimedia.org/wikipedia/commons/9/98/Butterfly-FFT.png}
}

@misc{ enwiki:1111230153,
    author = "{Wikipedia contributors}",
    title = "Butterfly diagram --- {Wikipedia}{,} The Free Encyclopedia",
    year = "2022",
    howpublished = "\url{https://en.wikipedia.org/w/index.php?title=Butterfly_diagram&oldid=1111230153}",
    note = "[Online; accessed 8-October-2022]"
}

@INPROCEEDINGS{LLM89,
  author={Loeffler, C. and Ligtenberg, A. and Moschytz, G.S.},
  booktitle={International Conference on Acoustics, Speech, and Signal Processing,}, 
  title={Practical fast 1-D DCT algorithms with 11 multiplications}, 
  year={1989},
  volume={},
  number={},
  pages={988-991 vol.2},
  abstract={A class of practical fast algorithms is introduced for the discrete cosine transform (DCT). For an 8-point DCT only 11 multiplications and 29 additions are required. A systematic approach is presented for generating the different members in this class, all having the same minimum arithmetic complexity. The structure of many of the published algorithms can be found in members of this class. An extension of the algorithm to longer transformations is presented. The resulting 16-point DCT requires only 31 multiplications and 81 additions, which is, to the authors' knowledge, less than required by previously published algorithms.<>},
  keywords={},
  doi={10.1109/ICASSP.1989.266596},
  ISSN={1520-6149},
  month={5},
}

@book{h264avc,
    author={Houjie Bi and Jian Wang},
    title={New generation video compression coding standard - H.264/AVC},
    year={2009},
    month={11},
    publisher={Posts \& Telecom Press},
    location={Beijing},
    isbn={978-7-115-21436-2},
    edition={2}
}

@misc{pynqadder,
    author={Yihua Liu},
    title={PYNQ-Adder},
    date={2021-10-25},
    url={https://github.com/yihuajack/PYNQ-Adder}
}

@misc{csdnoverlay,
    author={Yihua Liu},
    title={Creating Pynq Overlay},
    date={2021-10-25},
    url={https://blog.csdn.net/yihuajack/article/details/120931539}
}
