@misc{gitclone,
    author={Manuel Allenspach and Henry Ecker and Hossein Kurd},
    title={Github - unexpected disconnect while reading sideband packet},
    date={2021-02-25},
    url={https://stackoverflow.com/questions/66366582/github-unexpected-disconnect-while-reading-sideband-packet}
}

@misc{openroadinstall,
    author={Vitor Bandeira},
    title={Build from sources using Docker},
    date={2021-07-30},
    url={https://openroad.readthedocs.io/en/latest/user/BuildWithDocker.html}
}

@misc{rpc,
    author={André William Régis and Vitor Bandeira},
    title={Unable to build with docker},
    date={2022-01-12},
    url={https://github.com/The-OpenROAD-Project/OpenROAD-flow-scripts/issues/307}
}

@misc{wsldockerx11,
    author={potatowagon},
    title={How to use GUI apps in Linux docker container from Windows Host},
    date={2020-04-12},
    url={https://medium.com/@potatowagon/how-to-use-gui-apps-in-linux-docker-container-from-windows-host-485d3e1c64a3}
}

@article{ajayi2019openroad,
  title={OpenROAD: Toward a Self-Driving, Open-Source Digital Layout Implementation Tool Chain},
  author={Ajayi, T and Blaauw, D and Chan, TB and Cheng, CK and Chhabria, VA and Choo, DK and Coltella, M and Dobre, S and Dreslinski, R and Foga{\c{c}}a, M and others},
  journal={Proc. GOMACTECH},
  pages={1105--1110},
  year={2019}
}

@inproceedings{ajayi2019toward,
  title={Toward an open-source digital flow: First learnings from the openroad project},
  author={Ajayi, Tutu and Chhabria, Vidya A and Foga{\c{c}}a, Mateus and Hashemi, Soheil and Hosny, Abdelrahman and Kahng, Andrew B and Kim, Minsoo and Lee, Jeongsup and Mallappa, Uday and Neseem, Marina and others},
  booktitle={Proceedings of the 56th Annual Design Automation Conference 2019},
  pages={1--4},
  year={2019}
}
